<?xml version="1.0" encoding="UTF-8"?><record xmlns="http://www.loc.gov/MARC21/slim" xmlns:cinclude="http://apache.org/cocoon/include/1.0" xmlns:zs="http://www.loc.gov/zing/srw/">
  <leader>00407nz  a2200121n  4500</leader>
  <controlfield tag="001">n  95096612 </controlfield>
  <controlfield tag="003">DLC</controlfield>
  <controlfield tag="005">19950929081229.3</controlfield>
  <controlfield tag="008">950929n| acannaab|          |n ana |||  </controlfield>
  <datafield tag="010" ind1=" " ind2=" ">
    <subfield code="a">n  95096612 </subfield>
  </datafield>
  <datafield tag="040" ind1=" " ind2=" ">
    <subfield code="a">DLC</subfield>
    <subfield code="c">DLC</subfield>
  </datafield>
  <datafield tag="110" ind1="2" ind2="0">
    <subfield code="a">Cohasset Historical Society</subfield>
  </datafield>
  <datafield tag="670" ind1=" " ind2=" ">
    <subfield code="a">NUCMC data from Cohasset Historical Society for Town of Cohasset collection, ca. 1750-[ongoing]</subfield>
    <subfield code="b">(Cohasset Historical Society; Cohasset, Mass.)</subfield>
  </datafield>
</record>